<?xml version="1.0" encoding="UTF-8"?><collection xmlns="http://www.loc.gov/MARC21/slim"><record><leader>00430nam--2200145-i-4500</leader><controlfield tag="001">000008713</controlfield><controlfield tag="002">20161230</controlfield><controlfield tag="005">20170306225451</controlfield><controlfield tag="008">060222s1000------------r-----000-0-eng-d</controlfield><datafield ind1=" " ind2=" " tag="100"><subfield code="a">Byerly, Hamilton Radford</subfield></datafield><datafield ind1=" " ind2=" " tag="245"><subfield code="a">Atomic and molecular reaction in an optically oumped helium discharge. /thesis</subfield></datafield><datafield ind1=" " ind2=" " tag="260"><subfield code="a">Ann Arbor</subfield><subfield code="b">University Microfilms Inc</subfield><subfield code="c">1967</subfield></datafield><datafield ind1=" " ind2=" " tag="300"><subfield code="a">121 p</subfield></datafield><datafield ind1=" " ind2=" " tag="852"><subfield code="a">621.375.9</subfield></datafield><datafield ind1=" " ind2=" " tag="CAT"><subfield code="a">SYS</subfield><subfield code="c">20170306</subfield><subfield code="h">225451</subfield></datafield></record></collection>